<mx:record xmlns="http://www.w3.org/TR/xhtml1/strict" xmlns:mx="http://www.loc.gov/MARC21/slim" xmlns:xsi="http://www.w3.org/2001/XMLSchema-instance"><mx:leader>00000cz 2200000n 0000</mx:leader><mx:controlfield tag="001">oca02784129 </mx:controlfield><mx:controlfield tag="005">20080816063218.0</mx:controlfield><mx:controlfield tag="008">900605n| acannaab| |a aaa c</mx:controlfield><mx:datafield ind1=" " ind2=" " tag="010"><mx:subfield code="a">no 90011476</mx:subfield></mx:datafield><mx:datafield ind1=" " ind2=" " tag="040"><mx:subfield code="a">InU</mx:subfield><mx:subfield code="c">InU</mx:subfield><mx:subfield code="d">NjP</mx:subfield><mx:subfield code="d">Uk</mx:subfield></mx:datafield><mx:datafield ind1="0" ind2=" " tag="100"><mx:subfield code="a">Hilary,</mx:subfield><mx:subfield code="c">Saint, Archbishop of Arles,</mx:subfield><mx:subfield code="d">401-449</mx:subfield></mx:datafield><mx:datafield ind1="0" ind2=" " tag="400"><mx:subfield code="a">Hilarius,</mx:subfield><mx:subfield code="c">Saint, Archbishop of Arles,</mx:subfield><mx:subfield code="d">401-449</mx:subfield></mx:datafield><mx:datafield ind1="0" ind2=" " tag="400"><mx:subfield code="a">Hilarius Arelatensis,</mx:subfield><mx:subfield code="c">Saint,</mx:subfield><mx:subfield code="d">401-449</mx:subfield></mx:datafield><mx:datafield ind1="0" ind2=" " tag="400"><mx:subfield code="a">Hilaire,</mx:subfield><mx:subfield code="c">Saint, Archbishop of Arles,</mx:subfield><mx:subfield code="d">401-449</mx:subfield></mx:datafield><mx:datafield ind1="0" ind2=" " tag="500"><mx:subfield code="a">Pseudo-Hilarius</mx:subfield></mx:datafield><mx:datafield ind1=" " ind2=" " tag="670"><mx:subfield code="a">Kolon, B. Die Vita S. Hilarii Arelatensis, 1925</mx:subfield></mx:datafield><mx:datafield ind1=" " ind2=" " tag="670"><mx:subfield code="a">Encyc. Brit., 15th ed., 1987</mx:subfield><mx:subfield code="b">(Hilary of Arles, Saint, Latin: Hilarius; b. 401; d. 5/5/449;
            Gallo-Roman bishop of Arles)</mx:subfield></mx:datafield><mx:datafield ind1=" " ind2=" " tag="670"><mx:subfield code="a">Lex. für Theol. und Kirche, 1960</mx:subfield><mx:subfield code="b">(Hilarius, Erzbischof von Arles, heilige)</mx:subfield></mx:datafield><mx:datafield ind1=" " ind2=" " tag="670"><mx:subfield code="a">La vie d&amp;#039;Hilaire d&amp;#039;Arles, 1995</mx:subfield></mx:datafield><mx:datafield ind1=" " ind2=" " tag="670"><mx:subfield code="a">Pseudo-Hilarius, Metrum in Genesin, Carmen de Evangelio, 2006:</mx:subfield><mx:subfield code="b">p. 131-134 (previous attribution of these poems to Hilary of Poitiers
            or Hilary of Arles appears untenable)</mx:subfield></mx:datafield><mx:datafield ind1=" " ind2=" " tag="999"><mx:subfield code="a">750</mx:subfield></mx:datafield></mx:record>